% Articles for RAN slicing explanation
@inproceedings{orion,
author = {Foukas, Xenofon and Marina, Mahesh and Kontovasilis, Kimon},
year = {2017},
month = {10},
pages = {127-140},
booktitle = {unknown},
title = {Orion: RAN Slicing for a Flexible and Cost-Effective Multi-Service Mobile Network Architecture},
doi = {10.1145/3117811.3117831}
}
 

% Articles for resource allocation in 5G with learning approaches
@ARTICLE{8954683,
  author={Shen, Xuemin and Gao, Jie and Wu, Wen and Lyu, Kangjia and Li, Mushu and Zhuang, Weihua and Li, Xu and Rao, Jaya},
  journal={IEEE Open Journal of Vehicular Technology}, 
  title={AI-Assisted Network-Slicing Based Next-Generation Wireless Networks}, 
  year={2020},
  doi={10.1109/OJVT.2020.2965100}}
  
@ARTICLE{8540003,
  author={Li, Rongpeng and Zhao, Zhifeng and Sun, Qi and I, Chih-Lin and Yang, Chenyang and Chen, Xianfu and Zhao, Minjian and Zhang, Honggang},
  journal={IEEE Access}, 
  title={Deep Reinforcement Learning for Resource Management in Network Slicing}, 
  year={2018},
  volume={6},
  number={},
  pages={74429-74441},
  doi={10.1109/ACCESS.2018.2881964}}

@ARTICLE{main_article,
  author={Lorenzo Bellone, Boris Galkin, Emiliano Traversi and Enrico Natalizio},
  journal={IEEE}, 
  title={Deep Reinforcement Learning for Combined Coverage and Resource Allocation in UAV-Aided RAN-Slicing},
  year={2022}}

@article{fairness,
  author          = {Yi Zhou and Zhanqi Jin and Huaguang Shi and Zhangyun Wang and Ning Lu and Fuqiang Liu},
  journal         = {remote sensing},
  title           = {UAV-Assisted Fair Communication for Mobile Networks: A Multi-Agent Deep Reinforcement Learning Approach},
  year            = {2022}
}

@article{deep-qn,
  author          = {Hyungje Lee and Chahyeon Eom and Chungyong Lee},
  journal         = {International Conference on Electronics, Information, and Communication},
  title           = {QoS-Aware UAV-BS Deployment Optimization Based on Reinforcement Learning},
  year            = {2023}
}

@article{rate_max,
  author          = {Sudheesh Puthenveettil Gopi and Maurizio Magarini},
  journal         = {electronics},
  title           = {Reinforcement Learning Aided UAV Base Station Location Optimization for Rate Maximization},
  year            = {2021}
}

  
@INPROCEEDINGS{DeepCog,
  author={Bega, Dario and Gramaglia, Marco and Fiore, Marco and Banchs, Albert and Costa-Perez, Xavier},
  booktitle={IEEE INFOCOM 2019 - IEEE Conference on Computer Communications}, 
  title={DeepCog: Cognitive Network Management in Sliced 5G Networks with Deep Learning}, 
  year={2019},
  volume={},
  number={},
  pages={280-288},
  doi={10.1109/INFOCOM.2019.8737488}}
  
@INPROCEEDINGS{9322106,
  author={Liu, Qiang and Han, Tao and Zhang, Ning and Wang, Ye},
  booktitle={GLOBECOM 2020 - 2020 IEEE Global Communications Conference}, 
  title={DeepSlicing: Deep Reinforcement Learning Assisted Resource Allocation for Network Slicing}, 
  year={2020},
  volume={},
  number={},
  pages={1-6},
  doi={10.1109/GLOBECOM42002.2020.9322106}}
  
@ARTICLE{unknown,
author = {Han, Bin and Schotten, Hans},
year = {2020},
title = {Machine Learning for Network Slicing Resource Management: A Comprehensive Survey}
}

@INPROCEEDINGS{sliceadmissioncontrol,
  author={Hoang, Dinh Thai and Niyato, Dusit and Wang, Ping and De Domenico, Antonio and Strinati, Emilio Calvanese},
  booktitle={2018 IEEE 88th Vehicular Technology Conference (VTC-Fall)}, 
  title={Optimal Cross Slice Orchestration for 5G Mobile Services}, 
  year={2018},
  doi={10.1109/VTCFall.2018.8690608}}
  
@ARTICLE{lstm,
  author={Li, Rongpeng and Wang, Chujie and Zhao, Zhifeng and Guo, Rongbin and Zhang, Honggang},
  journal={IEEE Communications Letters}, 
  title={The LSTM-Based Advantage Actor-Critic Learning for Resource Management in Network Slicing With User Mobility}, 
  year={2020},
  volume={24},
  number={9},
  pages={2005-2009},
  doi={10.1109/LCOMM.2020.3001227}}


% Articles considering UAV in a 5G Network


% Articles on the joint Resource allocation and placement optimization in uav-aided networks
@ARTICLE{Placement_and_Allocation_MARL,
  author={Yin, Sixing and Yu, F. Richard},
  journal={IEEE Internet of Things Journal}, 
  title={Resource Allocation and Trajectory Design in UAV-aided Cellular Networks Based on Multi-agent Reinforcement Learning}, 
  year={2021}}
  
@ARTICLE{Placement_and_Allocation_beamforming,
  author={Luong, Phuong and Gagnon, François and Tran, Le-Nam and Labeau, Fabrice},
  journal={IEEE Transactions on Wireless Communications}, 
  title={Deep Reinforcement Learning-Based Resource Allocation in Cooperative UAV-Assisted Wireless Networks}, 
  year={2021},
  volume={20},
  number={11},
  pages={7610-7625},
  doi={10.1109/TWC.2021.3086503}}

@ARTICLE{Placement_and_Allocation_common,
  author={Pan, Chunyu and Yi, Jirong and Yin, Changchuan and Yu, Jian and Li, Xuehua},
  journal={IEEE Access}, 
  title={Joint 3D UAV Placement and Resource Allocation in Software-Defined Cellular Networks With Wireless Backhaul}, 
  year={2019},
  volume={7},
  number={},
  pages={104279-104293},
  doi={10.1109/ACCESS.2019.2927521}}

  
@ARTICLE{Placement_and_Allocation_relay2,
  author={Chen, Qinbo},
  journal={IEEE Access}, 
  title={Joint Position and Resource Optimization for Multi-UAV-Aided Relaying Systems}, 
  year={2020},
  volume={8},
  number={},
  pages={10403-10415},
  doi={10.1109/ACCESS.2020.2965162}}
  
@ARTICLE{Placement_and_Allocation_Relay,
  author={Fan, Rongfei and Cui, Jiannan and Jin, Song and Yang, Kai and An, Jianping},
  journal={IEEE Communications Letters}, 
  title={Optimal Node Placement and Resource Allocation for UAV Relaying Network}, 
  year={2018},
  volume={22},
  number={4},
  pages={808-811},
  doi={10.1109/LCOMM.2018.2800737}}
  
@INPROCEEDINGS{Placement_and_Allocation_A3C,
  author={Yang, Helin and Zhao, Jun and Nie, Jiangtian and Kumar, Neeraj and Lam, Kwok-Yan and Xiong, Zehui},
  booktitle={IEEE INFOCOM 2021 - IEEE Conference on Computer Communications Workshops (INFOCOM WKSHPS)}, 
  title={UAV-Assisted 5G/6G Networks: Joint Scheduling and Resource Allocation Based on Asynchronous Reinforcement Learning}, 
  year={2021},
  doi={10.1109/INFOCOMWKSHPS51825.2021.9484604}}
  
@misc{Channel_Model,
  doi = {10.48550/ARXIV.2111.02258},
  
  author = {Galkin, Boris and Omoniwa, Babatunji and Dusparic, Ivana},
  
  keywords = {Signal Processing (eess.SP), Machine Learning (cs.LG), FOS: Electrical engineering, electronic engineering, information engineering, FOS: Electrical engineering, electronic engineering, information engineering, FOS: Computer and information sciences, FOS: Computer and information sciences},
  
  title = {Multi-Agent Deep Reinforcement Learning For Optimising Energy Efficiency of Fixed-Wing UAV Cellular Access Points},
  
  publisher = {arXiv},
  
  year = {2021},
  
  copyright = {arXiv.org perpetual, non-exclusive license}
}

@misc{DQN,
  doi = {10.48550/ARXIV.1312.5602},
  
  url = {https://arxiv.org/abs/1312.5602},
  
  author = {Mnih, Volodymyr and Kavukcuoglu, Koray and Silver, David and Graves, Alex and Antonoglou, Ioannis and Wierstra, Daan and Riedmiller, Martin},
  
  keywords = {Machine Learning (cs.LG), FOS: Computer and information sciences, FOS: Computer and information sciences},
  
  title = {Playing Atari with Deep Reinforcement Learning},
  
  publisher = {arXiv},
  
  year = {2013},
  
  copyright = {arXiv.org perpetual, non-exclusive license}
}

@book{mccormick1975computability,
  title={Computability of Global Solutions to Factorable Nonconvex Programs: Part I - Convex Underestimating Problems},
  author={McCormick, G.P.},
  series={Serial},
  url={https://books.google.ae/books?id=TPDtNwAACAAJ},
  year={1975},
  publisher={George Washington University, School of Engineering and Applied Science, Institute for Management Science and Engineering}
}

@article{tightmccormik,
title = {Tightening piecewise McCormick relaxations for bilinear problems},
journal = {Computers \& Chemical Engineering},
volume = {72},
pages = {300-311},
year = {2015},
note = {A Tribute to Ignacio E. Grossmann},
issn = {0098-1354},
doi = {https://doi.org/10.1016/j.compchemeng.2014.03.025},
url = {https://www.sciencedirect.com/science/article/pii/S0098135414001069},
author = {Pedro M. Castro},
keywords = {Optimization, Mathematical modeling, Nonlinear programming, Generalized Disjunctive Programming, Water minimization}
}

@misc{decor,
    author = {3GPP, TR 23.711},
    title = {Enhancements of Dedicated Core Networks Selection Mechanism (Release 14)},
    version = {14.0.0},
    month = {September},
    year = {2016},
}

@ARTICLE{NOMA,
  author={Popovski, Petar and Trillingsgaard, Kasper Fløe and Simeone, Osvaldo and Durisi, Giuseppe},
  journal={IEEE Access}, 
  title={5G Wireless Network Slicing for eMBB, URLLC, and mMTC: A Communication-Theoretic View}, 
  year={2018},
  volume={6},
  number={},
  pages={55765-55779},
  doi={10.1109/ACCESS.2018.2872781}}
  
@article{RANslicing1,
author = {Ksentini, Adlen and Nikaein, Navid},
year = {2017},
month = {06},
pages = {102-108},
title = {Toward Enforcing Network Slicing on RAN: Flexibility and Resources Abstraction},
volume = {55},
journal = {IEEE Communications Magazine},
doi = {10.1109/MCOM.2017.1601119}
}

@INPROCEEDINGS{Choetal,
  author={Cho, Jun-Woo and Yang, Peng and Quek, Tony Q.S. and Kim, Jae-Hyun},
  booktitle={2020 International Conference on Information and Communication Technology Convergence (ICTC)}, 
  title={Service-Aware Resource Allocation Design of UAV RAN Slicing}, 
  year={2020},
  volume={},
  number={},
  pages={801-805},
  doi={10.1109/ICTC49870.2020.9289473}}
  
@ARTICLE{Yangetal,
  author={Yang, Peng and Xi, Xing and Guo, Kun and Quek, Tony Q. S. and Chen, Jingxuan and Cao, Xianbin},
  journal={IEEE Journal on Selected Areas in Communications}, 
  title={Proactive UAV Network Slicing for URLLC and Mobile Broadband Service Multiplexing}, 
  year={2021},
  volume={39},
  number={10},
  pages={3225-3244},
  doi={10.1109/JSAC.2021.3088624}}
  
@ARTICLE{Mozaffaritutorial,
  author={Mozaffari, Mohammad and Saad, Walid and Bennis, Mehdi and Nam, Young-Han and Debbah, Mérouane},
  journal={IEEE Communications Surveys \& Tutorials}, 
  title={A Tutorial on UAVs for Wireless Networks: Applications, Challenges, and Open Problems}, 
  year={2019},
  volume={21},
  number={3},
  pages={2334-2360},
  doi={10.1109/COMST.2019.2902862}}
  
  
@book{LTE,
author = {Rumney, Moray},
title = {LTE and the Evolution to 4G Wireless: Design and Measurement Challenges},
year = {2013},
isbn = {1119962579},
publisher = {Wiley Publishing},
edition = {2nd},
}

@INPROCEEDINGS{sinrtomcs,  
    author={Fan, Jiancun and Yin, Qinye and Li, Geoffrey Ye and Peng, Bingguang and Zhu, Xiaolong},  
    booktitle={2011 Proceedings of 20th International Conference on Computer Communications and Networks (ICCCN)},   title={MCS Selection for Throughput Improvement in Downlink LTE Systems},   
    year={2011},
    pages={1-5},  
    doi={10.1109/ICCCN.2011.6005743}}
    

@article{5gwhitepaper,
	title = {{NGMN} {5G} White Paper},
	pages = {125},
	author = {{NGMN}},
	year = {2015},
	journal = {{NGMN} Alliance},
	langid = {english},
}

@ARTICLE{5goverview,
  author={Zhang, Shunliang},
  journal={IEEE Wireless Communications}, 
  title={An Overview of Network Slicing for 5G}, 
  year={2019},
  volume={26},
  number={3},
  pages={111-117},
  doi={10.1109/MWC.2019.1800234}}
  
  @ARTICLE{demandsvalues,  
  author={Li, Rongpeng and Zhao, Zhifeng and Sun, Qi and I, Chih-Lin and Yang, Chenyang and Chen, Xianfu and Zhao, Minjian and Zhang, Honggang},  
  journal={IEEE Access},   
  title={Deep Reinforcement Learning for Resource Management in Network Slicing},   
  year={2018},  
  volume={6},  
  number={},  
  pages={74429-74441},  
  doi={10.1109/ACCESS.2018.2881964}}
  
  @misc{priobuff,
  doi = {10.48550/ARXIV.1511.05952},
  
  url = {https://arxiv.org/abs/1511.05952},
  
  author = {Schaul, Tom and Quan, John and Antonoglou, Ioannis and Silver, David},
  
  keywords = {Machine Learning (cs.LG), FOS: Computer and information sciences, FOS: Computer and information sciences},
  
  title = {Prioritized Experience Replay},
  
  publisher = {arXiv},
  
  year = {2015},
  
  copyright = {arXiv.org perpetual, non-exclusive license}
}

@article{nphardness,
author = {Zhang, Weixiong},
year = {2002},
month = {01},
pages = {},
title = {Modeling and Solving a Resource Allocation Problem with Soft Constraint Techniques}
}

@INPROCEEDINGS{sac_2022,
  author={Haque, Md Ariful and Kirova, Vassilka},
  booktitle={2022 IEEE Wireless Communications and Networking Conference (WCNC)}, 
  title={5G Network Slice Admission Control Using Optimization and Reinforcement Learning}, 
  year={2022},
  volume={},
  number={},
  pages={854-859},
  doi={10.1109/WCNC51071.2022.9771643}}